%%%%%%%%%%%% Sequencing/GWAS %%%%%%%%%%%%%%%%%%%%
@article{Bagger2024,
  title = {Whole genome sequencing in clinical practice},
  volume = {17},
  ISSN = {1755-8794},
  url = {http://dx.doi.org/10.1186/s12920-024-01795-w},
  DOI = {10.1186/s12920-024-01795-w},
  number = {1},
  journal = {BMC Medical Genomics},
  publisher = {Springer Science and Business Media LLC},
  author = {Bagger,  Frederik Otzen and Borgwardt,  Line and Jespersen,  Andreas Sand and Hansen,  Anna Reimer and Bertelsen,  Birgitte and Kodama,  Miyako and Nielsen,  Finn Cilius},
  year = {2024},
  month = jan 
}

@article{Gallagher2018,
  title = {The Post-GWAS Era: From Association to Function},
  volume = {102},
  ISSN = {0002-9297},
  url = {http://dx.doi.org/10.1016/j.ajhg.2018.04.002},
  DOI = {10.1016/j.ajhg.2018.04.002},
  number = {5},
  journal = {The American Journal of Human Genetics},
  publisher = {Elsevier BV},
  author = {Gallagher,  Michael D. and Chen-Plotkin,  Alice S.},
  year = {2018},
  month = may,
  pages = {717–730}
}

@article{Sollis2022,
  title = {The NHGRI-EBI GWAS Catalog: knowledgebase and deposition resource},
  volume = {51},
  ISSN = {1362-4962},
  url = {http://dx.doi.org/10.1093/nar/gkac1010},
  DOI = {10.1093/nar/gkac1010},
  number = {D1},
  journal = {Nucleic Acids Research},
  publisher = {Oxford University Press (OUP)},
  author = {Sollis,  Elliot and Mosaku,  Abayomi and Abid,  Ala and Buniello,  Annalisa and Cerezo,  Maria and Gil,  Laurent and Groza,  Tudor and G\"{u}neş,  Osman and Hall,  Peggy and Hayhurst,  James and Ibrahim,  Arwa and Ji,  Yue and John,  Sajo and Lewis,  Elizabeth and MacArthur,  Jacqueline A L and McMahon,  Aoife and Osumi-Sutherland,  David and Panoutsopoulou,  Kalliope and Pendlington,  Zoë and Ramachandran,  Santhi and Stefancsik,  Ray and Stewart,  Jonathan and Whetzel,  Patricia and Wilson,  Robert and Hindorff,  Lucia and Cunningham,  Fiona and Lambert,  Samuel A and Inouye,  Michael and Parkinson,  Helen and Harris,  Laura W},
  year = {2022},
  month = nov,
  pages = {D977–D985}
}

@article{Szustakowski2021,
  title = {Advancing human genetics research and drug discovery through exome sequencing of the UK Biobank},
  volume = {53},
  ISSN = {1546-1718},
  url = {http://dx.doi.org/10.1038/s41588-021-00885-0},
  DOI = {10.1038/s41588-021-00885-0},
  number = {7},
  journal = {Nature Genetics},
  publisher = {Springer Science and Business Media LLC},
  author = {Szustakowski,  Joseph D. and Balasubramanian,  Suganthi and Kvikstad,  Erika and Khalid,  Shareef and Bronson,  Paola G. and Sasson,  Ariella and Wong,  Emily and Liu,  Daren and Wade Davis,  J. and Haefliger,  Carolina and Katrina Loomis,  A. and Mikkilineni,  Rajesh and Noh,  Hyun Ji and Wadhawan,  Samir and Bai,  Xiaodong and Hawes,  Alicia and Krasheninina,  Olga and Ulloa,  Ricardo and Lopez,  Alex E. and Smith,  Erin N. and Waring,  Jeffrey F. and Whelan,  Christopher D. and Tsai,  Ellen A. and Overton,  John D. and Salerno,  William J. and Jacob,  Howard and Szalma,  Sandor and Runz,  Heiko and Hinkle,  Gregory and Nioi,  Paul and Petrovski,  Slavé and Miller,  Melissa R. and Baras,  Aris and Mitnaul,  Lyndon J. and Reid,  Jeffrey G. and Moiseyenko,  Oleg and Rios,  Carlos and Saha,  Saurabh and Abecasis,  Goncalo and Banerjee,  Nilanjana and Beechert,  Christina and Boutkov,  Boris and Cantor,  Michael and Coppola,  Giovanni and Economides,  Aris and Eom,  Gisu and Forsythe,  Caitlin and Fuller,  Erin D. and Gu,  Zhenhua and Habegger,  Lukas and Jones,  Marcus B. and Lanche,  Rouel and Lattari,  Michael and LeBlanc,  Michelle and Li,  Dadong and Lotta,  Luca A. and Manoochehri,  Kia and Mansfield,  Adam J. and Maxwell,  Evan K. and Mighty,  Jason and Nafde,  Mrunali and O’Keeffe,  Sean and Orelus,  Max and Padilla,  Maria Sotiropoulos and Panea,  Razvan and Polanco,  Tommy and Pradhan,  Manasi and Rasool,  Ayesha and Schleicher,  Thomas D. and Sharma,  Deepika and Shuldiner,  Alan and Staples,  Jeffrey C. and Van Hout,  Cristopher V. and Widom,  Louis and Wolf,  Sarah E. and John,  Sally and Chen,  Chia-Yen and Sexton,  David and Kupelian,  Varant and Marshall,  Eric and Swan,  Timothy and Eaton,  Susan and Liu,  Jimmy Z. and Loomis,  Stephanie and Jensen,  Megan and Duraisamy,  Saranya and Tetrault,  Jason and Merberg,  David and Badola,  Sunita and Reppell,  Mark and Grundstad,  Jason and Zheng,  Xiuwen and Deaton,  Aimee M. and Parker,  Margaret M. and Ward,  Lucas D. and Flynn-Carroll,  Alexander O. and Austin,  Caroline and March,  Ruth and Pangalos,  Menelas N. and Platt,  Adam and Snowden,  Mike and Matakidou,  Athena and Wasilewski,  Sebastian and Wang,  Quanli and Deevi,  Sri and Carss,  Keren and Smith,  Katherine and Sogaard,  Morten and Hu,  Xinli and Chen,  Xing and Ye,  Zhan},
  year = {2021},
  month = jun,
  pages = {942–948}
}

%%%%%% Demography
@article{Marchi2021,
  title = {Demographic inference},
  volume = {31},
  ISSN = {0960-9822},
  url = {http://dx.doi.org/10.1016/j.cub.2021.01.053},
  DOI = {10.1016/j.cub.2021.01.053},
  number = {6},
  journal = {Current Biology},
  publisher = {Elsevier BV},
  author = {Marchi,  Nina and Schlichta,  Flávia and Excoffier,  Laurent},
  year = {2021},
  month = mar,
  pages = {R276–R279}
}

%%%%%%%%%%%% PRS %%%%%%%%%%%%%%%%%%%%%%%%%%%
@article{Lewis2020,
  title = {Polygenic risk scores: from research tools to clinical instruments},
  volume = {12},
  ISSN = {1756-994X},
  url = {http://dx.doi.org/10.1186/s13073-020-00742-5},
  DOI = {10.1186/s13073-020-00742-5},
  number = {1},
  journal = {Genome Medicine},
  publisher = {Springer Science and Business Media LLC},
  author = {Lewis,  Cathryn M. and Vassos,  Evangelos},
  year = {2020},
  month = may 
}

%%%%%%%%%%%% Phasing methods %%%%%%%%%%%%%%%
@article{Browning2021,
  title = {Fast two-stage phasing of large-scale sequence data},
  volume = {108},
  ISSN = {0002-9297},
  url = {http://dx.doi.org/10.1016/j.ajhg.2021.08.005},
  DOI = {10.1016/j.ajhg.2021.08.005},
  number = {10},
  journal = {The American Journal of Human Genetics},
  publisher = {Elsevier BV},
  author = {Browning,  Brian L. and Tian,  Xiaowen and Zhou,  Ying and Browning,  Sharon R.},
  year = {2021},
  month = oct,
  pages = {1880–1890}
}

@article{Hofmeister2023,
  title = {Accurate rare variant phasing of whole-genome and whole-exome sequencing data in the UK Biobank},
  volume = {55},
  ISSN = {1546-1718},
  url = {http://dx.doi.org/10.1038/s41588-023-01415-w},
  DOI = {10.1038/s41588-023-01415-w},
  number = {7},
  journal = {Nature Genetics},
  publisher = {Springer Science and Business Media LLC},
  author = {Hofmeister,  Robin J. and Ribeiro,  Diogo M. and Rubinacci,  Simone and Delaneau,  Olivier},
  year = {2023},
  month = jun,
  pages = {1243–1249}
}

@article{Loh2016,
  title = {Reference-based phasing using the Haplotype Reference Consortium panel},
  volume = {48},
  ISSN = {1546-1718},
  url = {http://dx.doi.org/10.1038/ng.3679},
  DOI = {10.1038/ng.3679},
  number = {11},
  journal = {Nature Genetics},
  publisher = {Springer Science and Business Media LLC},
  author = {Loh,  Po-Ru and Danecek,  Petr and Palamara,  Pier Francesco and Fuchsberger,  Christian and A Reshef,  Yakir and K Finucane,  Hilary and Schoenherr,  Sebastian and Forer,  Lukas and McCarthy,  Shane and Abecasis,  Goncalo R and Durbin,  Richard and L Price,  Alkes},
  year = {2016},
  month = oct,
  pages = {1443–1448}
}

%%%%%%%%%%%% Phasing evaluation %%%%%%%%%%%%%%%

@article{Browning2022,
  title = {Genotype error biases trio-based estimates of haplotype phase accuracy},
  volume = {109},
  ISSN = {0002-9297},
  url = {http://dx.doi.org/10.1016/j.ajhg.2022.04.019},
  DOI = {10.1016/j.ajhg.2022.04.019},
  number = {6},
  journal = {The American Journal of Human Genetics},
  publisher = {Elsevier BV},
  author = {Browning,  Brian L. and Browning,  Sharon R.},
  year = {2022},
  month = jun,
  pages = {1016–1025}
}

%%%%%%%%%%%% Mutation %%%%%%%%%%%%%%%%%%%%
@article{Aggarwala2016,
  title = {An expanded sequence context model broadly explains variability in polymorphism levels across the human genome},
  volume = {48},
  ISSN = {1546-1718},
  url = {http://dx.doi.org/10.1038/ng.3511},
  DOI = {10.1038/ng.3511},
  number = {4},
  journal = {Nature Genetics},
  publisher = {Springer Science and Business Media LLC},
  author = {Aggarwala,  Varun and Voight,  Benjamin F},
  year = {2016},
  month = feb,
  pages = {349–355}
}

@article{Carlson2018,
  title = {Extremely rare variants reveal patterns of germline mutation rate heterogeneity in humans},
  volume = {9},
  ISSN = {2041-1723},
  url = {http://dx.doi.org/10.1038/s41467-018-05936-5},
  DOI = {10.1038/s41467-018-05936-5},
  number = {1},
  journal = {Nature Communications},
  publisher = {Springer Science and Business Media LLC},
  author = {Carlson,  Jedidiah and Locke,  Adam E. and Flickinger,  Matthew and Zawistowski,  Matthew and Levy,  Shawn and Myers,  Richard M. and Boehnke,  Michael and Kang,  Hyun Min and Scott,  Laura J. and Li,  Jun Z. and Z\"{o}llner,  Sebastian and Absher,  Devin and Akil,  Huda and Breen,  Gerome and Burmeister,  Margit and Cohen-Woods,  Sarah and Iacono,  William G. and Knowles,  James A. and Legrand,  Lisa and Lu,  Qing and McGue,  Matthew and McInnis,  Melvin G. and Pato,  Carlos N. and Pato,  Michele T. and Rivera,  Margarita and Sobell,  Janet L. and Vincent,  John B. and Watson,  Stanley J.},
  year = {2018},
  month = sep 
}

@article{Chintalapati2020,
  title = {Evolution of the mutation rate across primates},
  volume = {62},
  ISSN = {0959-437X},
  url = {http://dx.doi.org/10.1016/j.gde.2020.05.028},
  DOI = {10.1016/j.gde.2020.05.028},
  journal = {Current Opinion in Genetics I\& Development},
  publisher = {Elsevier BV},
  author = {Chintalapati,  Manjusha and Moorjani,  Priya},
  year = {2020},
  month = jun,
  pages = {58–64}
}

@article{Gao2019,
  title = {Overlooked roles of DNA damage and maternal age in generating human germline mutations},
  volume = {116},
  ISSN = {1091-6490},
  url = {http://dx.doi.org/10.1073/pnas.1901259116},
  DOI = {10.1073/pnas.1901259116},
  number = {19},
  journal = {Proceedings of the National Academy of Sciences},
  publisher = {Proceedings of the National Academy of Sciences},
  author = {Gao,  Ziyue and Moorjani,  Priya and Sasani,  Thomas A. and Pedersen,  Brent S. and Quinlan,  Aaron R. and Jorde,  Lynn B. and Amster,  Guy and Przeworski,  Molly},
  year = {2019},
  month = apr,
  pages = {9491–9500}
}

@article{Harris2017,
  title = {Rapid evolution of the human mutation spectrum},
  volume = {6},
  ISSN = {2050-084X},
  url = {http://dx.doi.org/10.7554/eLife.24284},
  DOI = {10.7554/elife.24284},
  journal = {eLife},
  publisher = {eLife Sciences Publications,  Ltd},
  author = {Harris,  Kelley and Pritchard,  Jonathan K},
  year = {2017},
  month = apr 
}

@article{Moore2021,
  title = {The mutational landscape of human somatic and germline cells},
  volume = {597},
  ISSN = {1476-4687},
  url = {http://dx.doi.org/10.1038/s41586-021-03822-7},
  DOI = {10.1038/s41586-021-03822-7},
  number = {7876},
  journal = {Nature},
  publisher = {Springer Science and Business Media LLC},
  author = {Moore,  Luiza and Cagan,  Alex and Coorens,  Tim H. H. and Neville,  Matthew D. C. and Sanghvi,  Rashesh and Sanders,  Mathijs A. and Oliver,  Thomas R. W. and Leongamornlert,  Daniel and Ellis,  Peter and Noorani,  Ayesha and Mitchell,  Thomas J. and Butler,  Timothy M. and Hooks,  Yvette and Warren,  Anne Y. and Jorgensen,  Mette and Dawson,  Kevin J. and Menzies,  Andrew and O’Neill,  Laura and Latimer,  Calli and Teng,  Mabel and van Boxtel,  Ruben and Iacobuzio-Donahue,  Christine A. and Martincorena,  Inigo and Heer,  Rakesh and Campbell,  Peter J. and Fitzgerald,  Rebecca C. and Stratton,  Michael R. and Rahbari,  Raheleh},
  year = {2021},
  month = aug,
  pages = {381–386}
}

@article{Narasimhan2017,
  title = {Estimating the human mutation rate from autozygous segments reveals population differences in human mutational processes},
  volume = {8},
  ISSN = {2041-1723},
  url = {http://dx.doi.org/10.1038/s41467-017-00323-y},
  DOI = {10.1038/s41467-017-00323-y},
  number = {1},
  journal = {Nature Communications},
  publisher = {Springer Science and Business Media LLC},
  author = {Narasimhan,  Vagheesh M. and Rahbari,  Raheleh and Scally,  Aylwyn and Wuster,  Arthur and Mason,  Dan and Xue,  Yali and Wright,  John and Trembath,  Richard C. and Maher,  Eamonn R. and van Heel,  David A. and Auton,  Adam and Hurles,  Matthew E. and Tyler-Smith,  Chris and Durbin,  Richard},
  year = {2017},
  month = aug 
}

@article{Sgurel2014,
  title = {Determinants of Mutation Rate Variation in the Human Germline},
  volume = {15},
  ISSN = {1545-293X},
  url = {http://dx.doi.org/10.1146/annurev-genom-031714-125740},
  DOI = {10.1146/annurev-genom-031714-125740},
  number = {1},
  journal = {Annual Review of Genomics and Human Genetics},
  publisher = {Annual Reviews},
  author = {Ségurel,  Laure and Wyman,  Minyoung J. and Przeworski,  Molly},
  year = {2014},
  month = aug,
  pages = {47–70}
}

@article{Seplyarskiy2021a,
  title = {The origin of human mutation in light of genomic data},
  volume = {22},
  ISSN = {1471-0064},
  url = {http://dx.doi.org/10.1038/s41576-021-00376-2},
  DOI = {10.1038/s41576-021-00376-2},
  number = {10},
  journal = {Nature Reviews Genetics},
  publisher = {Springer Science and Business Media LLC},
  author = {Seplyarskiy,  Vladimir B. and Sunyaev,  Shamil},
  year = {2021},
  month = jun,
  pages = {672–686}
}

@article{Seplyarskiy2021b,
  title = {Population sequencing data reveal a compendium of mutational processes in the human germ line},
  volume = {373},
  ISSN = {1095-9203},
  url = {http://dx.doi.org/10.1126/science.aba7408},
  DOI = {10.1126/science.aba7408},
  number = {6558},
  journal = {Science},
  publisher = {American Association for the Advancement of Science (AAAS)},
  author = {Seplyarskiy,  Vladimir B. and Soldatov,  Ruslan A. and Koch,  Evan and McGinty,  Ryan J. and Goldmann,  Jakob M. and Hernandez,  Ryan D. and Barnes,  Kathleen and Correa,  Adolfo and Burchard,  Esteban G. and Ellinor,  Patrick T. and McGarvey,  Stephen T. and Mitchell,  Braxton D. and Vasan,  Ramachandran S. and Redline,  Susan and Silverman,  Edwin and Weiss,  Scott T. and Arnett,  Donna K. and Blangero,  John and Boerwinkle,  Eric and He,  Jiang and Montgomery,  Courtney and Rao,  D. C. and Rotter,  Jerome I. and Taylor,  Kent D. and Brody,  Jennifer A. and Chen,  Yii-Der Ida and de las Fuentes,  Lisa and Hwu,  Chii-Min and Rich,  Stephen S. and Manichaikul,  Ani W. and Mychaleckyj,  Josyf C. and Palmer,  Nicholette D. and Smith,  Jennifer A. and Kardia,  Sharon L. R. and Peyser,  Patricia A. and Bielak,  Lawrence F. and O’Connor,  Timothy D. and Emery,  Leslie S. and Gilissen,  Christian and Wong,  Wendy S. W. and Kharchenko,  Peter V. and Sunyaev,  Shamil},
  year = {2021},
  month = aug,
  pages = {1030–1035}
}

@article{Seplyarskiy2023,
  title = {A mutation rate model at the basepair resolution identifies the mutagenic effect of polymerase III transcription},
  volume = {55},
  ISSN = {1546-1718},
  url = {http://dx.doi.org/10.1038/s41588-023-01562-0},
  DOI = {10.1038/s41588-023-01562-0},
  number = {12},
  journal = {Nature Genetics},
  publisher = {Springer Science and Business Media LLC},
  author = {Seplyarskiy,  Vladimir and Koch,  Evan M. and Lee,  Daniel J. and Lichtman,  Joshua S. and Luan,  Harding H. and Sunyaev,  Shamil R.},
  year = {2023},
  month = nov,
  pages = {2235–2242}
}

@article{Zhu2017,
  title = {Statistical Methods for Identifying Sequence Motifs Affecting Point Mutations},
  volume = {205},
  ISSN = {1943-2631},
  url = {http://dx.doi.org/10.1534/genetics.116.195677},
  DOI = {10.1534/genetics.116.195677},
  number = {2},
  journal = {Genetics},
  publisher = {Oxford University Press (OUP)},
  author = {Zhu,  Yicheng and Neeman,  Teresa and Yap,  Von Bing and Huttley,  Gavin A},
  year = {2017},
  month = feb,
  pages = {843–856}
}

%%%%%%% EXAMPLES %%%%%%%%%%%%%%%%
@phdthesis{jefferson2019policing,
  title={\href{https://deepblue.lib.umich.edu/handle/2027.42/149919}{Policing Norms: Punishment and the Politics of Respectability among Black Americans}},
  author={Jefferson, Hakeem},
  school={University of Michigan},
  year={2019}
}

@article{shannon1948mathematical,
  title={\href{https://ieeexplore.ieee.org/abstract/document/6773024}{A mathematical theory of communication}},
  author={Shannon, Claude E},
  journal={The Bell system technical journal},
  volume={27},
  number={3},
  pages={379--423},
  year={1948},
  publisher={Nokia Bell Labs}
}

@inproceedings{ong1997gilbert,
  title={\href{https://ieeexplore.ieee.org/abstract/document/614298}{The Gilbert-Johnson-Keerthi distance algorithm: A fast version for incremental motions}},
  author={Ong, Chong Jin and Gilbert, Elmer G},
  booktitle={Proceedings of International Conference on Robotics and Automation},
  volume={2},
  pages={1183--1189},
  year={1997},
  organization={IEEE}
}

@misc{the_big_house,
title={\href{https://www.michiganradio.org/post/michigan-athletic-department-embarrasses-while-trying-fill-seats}{Michigan Athletic Department embarrasses while trying to fill seats}},
author={Bacon, John U},
year={2014},
journal={Michigan Radio}
}